2177 3256
869 83 1038 234 A
48 244 1891 459 SPEECH,
828 487 1048 587 OR
161 600 1736 789 COMPLAINT,
1797 102 1959 216 12
750 827 1166 888 LATELY
60 895 1880 1017 Made by the Spanish Embassadour to his Ma-
64 1007 1878 1122 jestie at Oxford, upon occasion of the taking of a
59 1115 1761 1221 Ship called Sancta Clara in the Port of Sancto Domingo,
223 1206 1650 1309 richly laden with Plate, Cocheneal and other
506 1296 1371 1387 commodities of great value,
59 1439 1868 1564 By one Captaine Bennet Strafford, and by
475 1556 1398 1647 Him brought to Southampton.
64 1698 1872 1821 Being a matter of high concernment betwixt the
417 1813 1466 1908 two Kings of Spaine and England
61 1953 1870 2074 Also a Proclamation prohibiting the buying or
202 2063 1678 2170 disposing of any the lading of the ship called the
349 2156 1516 2238 Sancta Clara, lately brought into Southampton.
217 2366 1663 2461 Translated out of the Spanish, in Oxford,
841 2465 946 2521 BY
374 2521 1504 2625 Sr Torriano, an Italian.
713 2754 1168 2816 LONDON,
94 2824 1794 2952 Printed for Nathaniel Butter, Jan. 17. 1643.
